@TechReport{Carlin2019,
  author      = {Ryan E. Carlin and Jonathan Hartlyn and Timothy Hellwig and Gregory J. Love and Cecilia Martínez-Gallardo and Matthew M. Singer},
  institution = {Executive Approval Project},
  title       = {{Executive Approval Database 2.0}},
  year        = {2019},
  note        = {Available at http://www.executiveapproval.org},
  type        = {{Dataset}},
  groups      = {Proposal-09},
  school      = {Executive Approval Project},
}

@Article{Carlin2018,
  author    = {Ryan E. Carlin and Jonathan Hartlyn and Timothy Hellwig and Gregory J. Love and Cecilia Martínez-Gallardo and Matthew M. Singer},
  journal   = {Research {\&} Politics},
  title     = {{Public support for Latin American presidents: The cyclical model in comparative perspective}},
  year      = {2018},
  month     = {jul},
  number    = {3},
  pages     = {1--8},
  volume    = {5},
  doi       = {10.1177/2053168018787690},
  groups    = {Proposal-17},
  publisher = {{SAGE} Publications},
}

@Article{Stimson2018,
  author    = {James A. Stimson},
  journal   = {Bulletin of Sociological Methodology/Bulletin de M{\'{e}}thodologie Sociologique},
  title     = {{The Dyad Ratios Algorithm for Estimating Latent Public Opinion}},
  year      = {2018},
  month     = {jan},
  number    = {1},
  pages     = {201--218},
  volume    = {137-138},
  doi       = {10.1177/0759106318761614},
  publisher = {{SAGE} Publications},
}

@TechReport{Piburn2020,
  author      = {Jesse Piburn},
  institution = {Oak Ridge National Laboratory},
  title       = {{Programmatic Access to Data and Statistics from the World Bank API}},
  year        = {2020},
  note        = {Package ‘wbstats’ version 1.0.4},
  type        = {{Package}},
  groups      = {Proposal-09},
  school      = {Oak Ridge National Laboratory},
}

@TechReport{WorldBank2020,
  author      = {{World Bank}},
  institution = {World Bank},
  title       = {{World Bank Open Data}},
  year        = {2020},
  note        = {Available at https://data.worldbank.org},
  type        = {{Dataset}},
  school      = {World Bank},
}

@Book{Gallagher2005,
  author    = {Michael Gallagher and Paul Mitchell},
  publisher = {Oxford University Press},
  title     = {{The Politics of Electoral Systems}},
  year      = {2005},
  address   = {New York},
  month     = {sep},
  doi       = {10.1093/0199257566.001.0001},
}

@Article{Laakso1979,
  author    = {Markku Laakso and Rein Taagepera},
  journal   = {Comparative Political Studies},
  title     = {{{\textquotedblleft}Effective{\textquotedblright} Number of Parties}},
  year      = {1979},
  month     = {apr},
  number    = {1},
  pages     = {3--27},
  volume    = {12},
  doi       = {10.1177/001041407901200101},
  publisher = {{SAGE} Publications},
}

@Article{Gallagher1991,
  author    = {Michael Gallagher},
  journal   = {Electoral Studies},
  title     = {Proportionality, disproportionality and electoral systems},
  year      = {1991},
  month     = {mar},
  number    = {1},
  pages     = {33--51},
  volume    = {10},
  doi       = {10.1016/0261-3794(91)90004-c},
  publisher = {Elsevier {BV}},
}

@InCollection{Camerlo2018,
  author    = {Marcelo Camerlo and Cecilia Martínez-Gallardo},
  booktitle = {{Government Formation and Minister Turnover in Presidential Cabinets: Comparative Analysis in the Americas}},
  publisher = {Routledge},
  title     = {{Portfolio allocation in the Americas}},
  year      = {2018},
  address   = {New York},
  editor    = {Marcelo Camerlo and Cecilia Martínez-Gallardo},
  groups    = {Proposal-04},
}

@Article{Fortunato2018,
  author    = {David Fortunato and Matt W. Loftis},
  journal   = {American Political Science Review},
  title     = {{Cabinet Durability and Fiscal Discipline}},
  year      = {2018},
  month     = {sep},
  number    = {4},
  pages     = {939--953},
  volume    = {112},
  doi       = {10.1017/s0003055418000436},
  groups    = {Proposal-06},
  publisher = {Cambridge University Press ({CUP})},
}

@Article{Browne1986,
  author    = {Eric C. Browne and John P. Frendreis and Dennis W. Gleiber},
  journal   = {American Journal of Political Science},
  title     = {{The Process of Cabinet Dissolution: An Exponential Model of Duration and Stability in Western Democracies}},
  year      = {1986},
  month     = {aug},
  number    = {3},
  pages     = {628--650},
  volume    = {30},
  doi       = {10.2307/2111093},
  groups    = {Proposal-06},
  publisher = {{JSTOR}},
}

@Article{Chiba2015,
  author    = {Daina Chiba and Lanny W. Martin and Randolph T. Stevenson},
  journal   = {Political Analysis},
  title     = {{A Copula Approach to the Problem of Selection Bias in Models of Government Survival}},
  year      = {2015},
  number    = {1},
  pages     = {42--58},
  volume    = {23},
  doi       = {10.1093/pan/mpu013},
  groups    = {Proposal-06},
  publisher = {Cambridge University Press ({CUP})},
}

@Book{Warwick1994,
  author    = {Paul Warwick},
  publisher = {Cambridge University Press},
  title     = {{Government Survival in Parliamentary Democracies}},
  year      = {1994},
  address   = {Cambridge},
  groups    = {Proposal-06},
}

@Book{Laver1990,
  author    = {Michael Laver and Norman Schofield},
  publisher = {Oxford University Press},
  title     = {{Multiparty Government: The Politics of Coalition in Europe}},
  year      = {1990},
  address   = {Oxford},
  groups    = {Proposal-06},
}

@Book{Laver1996,
  author    = {Michael Laver and Kenneth A. Shepsle},
  publisher = {Cambridge University Press},
  title     = {{Making and Breaking Governments: Cabinets and Legislatures in Parliamentary Democracies}},
  year      = {1996},
  address   = {Cambridge},
  groups    = {Proposal-06},
}

@Article{MartinezGallardo2012,
  author    = {Cecilia Martínez-Gallardo},
  journal   = {Comparative Political Studies},
  title     = {{Out of the Cabinet: What Drives Defections from the Government in Presidential Systems?}},
  year      = {2012},
  month     = {sep},
  number    = {1},
  pages     = {62--90},
  volume    = {45},
  doi       = {10.1177/0010414011421306},
  groups    = {Proposal-04},
  publisher = {{SAGE} Publications},
}

@Article{MartinezGallardo2014,
  author  = {Cecilia Martínez-Gallardo},
  journal = {Journal of Politics in Latin America},
  title   = {{Designing Cabinet: Presidential Politics and Ministerial Instability}},
  year    = {2014},
  number  = {2},
  pages   = {3--38},
  volume  = {6},
  groups  = {Proposal-04},
}

@Article{Camerlo2015a,
  author  = {Marcelo Camerlo and Aníbal Pérez-Liñán},
  journal = {The Journal of Politics},
  title   = {{Minister Turnover, Critical Events, and the Electoral Calendar in Presidential Democracies}},
  year    = {2015},
  number  = {3},
  pages   = {608--619},
  volume  = {77},
  doi     = {10.1086/681028},
  groups  = {Proposal-04},
}

@Book{Chaisty2018,
  author    = {Paul Chaisty and Nic Cheeseman and Timothy J. Power},
  publisher = {Oxford University Press},
  title     = {{Coalitional Presidentialism in Comparative Perspective: Minority Presidents in Multiparty Systems}},
  year      = {2018},
  address   = {Oxford},
  month     = {mar},
  doi       = {10.1093/oso/9780198817208.001.0001},
  groups    = {Proposal-09},
}

@Article{Berlinski2010,
  author    = {Samuel Berlinski and Torun Dewan and Keith Dowding},
  journal   = {The Journal of Politics},
  title     = {{The Impact of Individual and Collective Performance on Ministerial Tenure}},
  year      = {2010},
  month     = {apr},
  number    = {2},
  pages     = {559--571},
  volume    = {72},
  doi       = {10.1017/s0022381609990843},
  groups    = {Proposal-04},
  publisher = {University of Chicago Press},
}

@Article{Dewan2005,
  author    = {Torun Dewan and Keith Dowding},
  journal   = {American Journal of Political Science},
  title     = {{The Corrective Effect of Ministerial Resignations on Government Popularity}},
  year      = {2005},
  month     = {jan},
  number    = {1},
  pages     = {46--56},
  volume    = {49},
  doi       = {10.1111/j.0092-5853.2005.00109.x},
  groups    = {Proposal-09},
  publisher = {Wiley},
}

@Article{McAllister2003,
  author    = {Ian McAllister},
  journal   = {Australian Journal of Political Science},
  title     = {{Prime Ministers, Opposition Leaders and Government Popularity in Australia}},
  year      = {2003},
  month     = {jul},
  number    = {2},
  pages     = {259--277},
  volume    = {38},
  doi       = {10.1080/1036114032000092710},
  groups    = {Proposal-16},
  publisher = {Informa {UK} Limited},
}

@Article{Stimson1976,
  author    = {J. A. Stimson},
  journal   = {Public Opinion Quarterly},
  title     = {{Public Support for American Presidents: A Cyclical Model}},
  year      = {1976},
  month     = {mar},
  number    = {1},
  pages     = {1--21},
  volume    = {40},
  doi       = {10.1086/268264},
  groups    = {Proposal-17},
  publisher = {Oxford University Press ({OUP})},
}

@Book{Brace1992,
  author    = {Paul Brace and Barbara Hinckley},
  publisher = {Basic Books},
  title     = {{Follow the Leader: Opinion Polls and the Modern Presidents}},
  year      = {1992},
  address   = {New York},
  groups    = {Proposal-17},
}

@InCollection{Schleiter2020,
  author    = {Petra Schleiter},
  booktitle = {{The Oxford Handbook of Political Executives}},
  publisher = {Oxford University Press},
  title     = {{Government Formation and Termination}},
  year      = {2020},
  address   = {Oxford},
  editor    = {Rudy B. Andeweg and Robert Elgie and Ludger Helms and Juliet Kaarbo and Ferdinand Müller-Rommel},
  groups    = {Proposal-17},
}

@Book{Centeno1998,
  author    = {Centeno, Miguel Angel and Silva, Patricio},
  publisher = {Palgrave Macmillan},
  title     = {{The Politics of Expertise in Latin America}},
  year      = {1998},
  address   = {London},
  groups    = {Proposal-09},
}

@Book{Dargent2015,
  author    = {Eduardo Dargent},
  publisher = {Cambridge University Press},
  title     = {{Technocracy and Democracy in Latin America}},
  year      = {2015},
  address   = {New York},
  doi       = {10.1017/cbo9781107446663},
  groups    = {Proposal-16},
}

@Article{Blondel1988,
  author  = {Jean Blondel},
  journal = {European Journal of Political Research},
  title   = {{Ministerial careers and the nature of parliamentary government: the cases of Austria and Belgium}},
  year    = {1988},
  number  = {1},
  pages   = {51--71},
  volume  = {16},
  doi     = {10.1111/j.1475-6765.1988.tb00141.x},
  groups  = {Proposal-04},
}

@Article{Joignant2011,
  author    = {Alfredo Joignant},
  journal   = {Journal of Latin American Studies},
  title     = {{The Politics of Technopols: Resources, Political Competence and Collective Leadership in Chile, 1990{\textendash}2010}},
  year      = {2011},
  month     = {aug},
  number    = {3},
  pages     = {517--546},
  volume    = {43},
  doi       = {10.1017/s0022216x11000423},
  groups    = {Proposal-09},
  publisher = {Cambridge University Press ({CUP})},
}

@Article{Joignant2012,
  author  = {Alfredo Joignant},
  journal = {Revista Mexicana de Sociología},
  title   = {{Habitus, campo y capital. Elementos para una teoría general del capital político}},
  year    = {2012},
  number  = {4},
  pages   = {587--618},
  volume  = {74},
  groups  = {Proposal-09},
}

@Book{Blondel1997,
  author    = {Jean Blondel and Ferdinand Müller-Rommel},
  publisher = {St. Martin's Press},
  title     = {{Cabinets in West Europe}},
  year      = {1997},
  address   = {New York},
  groups    = {Proposal-04},
}

@Book{Blondel1991,
  author    = {Jean Blondel and Jean-Louis Thiébault},
  publisher = {Palgrave Macmillan},
  title     = {{The Profession of Government Minister in Western Europe}},
  year      = {1991},
  address   = {New York},
  groups    = {Proposal-04},
}

@Book{Putnam1976,
  author    = {Putnam, Robert D.},
  publisher = {Prentice Hall},
  title     = {{The Comparative Study of Political Elites}},
  year      = {1976},
  address   = {Hoboken},
  groups    = {Proposal-09},
}

@Book{RodriguezTeruel2011,
  author    = {Rodríguez Teruel, J.},
  publisher = {Centro de Estudios Políticos y Constitucionales},
  title     = {{Los ministros de la España democrática. Reclutamiento político y carrera ministerial de Suárez a Zapatero (1976-2010)}},
  year      = {2011},
  address   = {Madrid},
  groups    = {Proposal-09},
}

@Book{Blondel1993,
  author    = {Jean Blondel and Ferdinand Müller-Rommel},
  publisher = {Palgrave Macmillan},
  title     = {{Governing Together: The Extent and Limits of Joint Decision-Making in Western European Cabinets}},
  year      = {1993},
  address   = {New York},
  groups    = {Proposal-04},
}

@Article{Berlinski2007,
  author    = {Samuel Berlinski and Torun Dewan and Keith Dowding},
  journal   = {British Journal of Political Science},
  title     = {{The Length of Ministerial Tenure in the United Kingdom, 1945-97}},
  year      = {2007},
  month     = {mar},
  number    = {2},
  pages     = {245--262},
  volume    = {37},
  doi       = {10.1017/s0007123407000129},
  groups    = {Proposal-04},
  publisher = {Cambridge University Press ({CUP})},
}

@InCollection{Kerby2015,
  author    = {Kerby, M.},
  booktitle = {{The Selection of Ministers Around the World}},
  publisher = {Routledge},
  title     = {{Canada: Ministerial Careers}},
  year      = {2015},
  address   = {New York},
  editor    = {Keith Dowding and Patrick Dumont},
  groups    = {Proposal-04},
}

@InCollection{QuirozFlores2015,
  author    = {Quiroz Flores, Alejandro},
  booktitle = {{The Selection of Ministers Around the World}},
  publisher = {Routledge},
  title     = {{United States of America: The Cabinet}},
  year      = {2015},
  address   = {New York},
  editor    = {Keith Dowding and Patrick Dumont},
  groups    = {Proposal-04},
}

@TechReport{Franz2016,
  author      = {Paulo Franz and Adriano Codato},
  institution = {Observatório de Elites Políticas e Sociais do Brasil, Universidade Federal do Paraná},
  title       = {{Ministros de Estado: governos FHC e Lula (1995-2010)}},
  year        = {2016},
  note        = {Available at http://observatory-elites.org},
  type        = {{Dataset}},
  groups      = {Proposal-06},
  school      = {Observatório de Elites Políticas e Sociais do Brasil, Universidade Federal do Paraná},
}

@TechReport{Therneau2020,
  author      = {Terry Therneau and Cynthia Crowson and Elizabeth Atkinson},
  institution = {Mayo Clinic},
  title       = {{Using Time Dependent Covariates and Time Dependent Coefficients in the Cox Model}},
  year        = {2020},
  note        = {Package ‘survival’ version 3.2-7},
  type        = {{Vignette}},
  groups      = {Proposal-17},
  school      = {Mayo Clinic},
}

@Article{GonzalezBustamante2018,
  author  = {Bastián González-Bustamante and Luis Garrido-Vergara},
  journal = {{Política \& Gobierno}},
  title   = {{Socialización, trayectorias y poscarrera de ministros en Chile, 1990-2010}},
  year    = {2018},
  number  = {1},
  pages   = {31--64},
  volume  = {XXV},
}

@Article{EscobarLemmon2005,
  author  = {María C. Escobar-Lemmon and Michelle M. Taylor-Robinson},
  journal = {American Journal of Political Science},
  title   = {{Women Ministers in Latin American Government: When, Where, and Why?}},
  year    = {2005},
  number  = {4},
  pages   = {829--844},
  volume  = {49},
  doi     = {10.1111/j.1540-5907.2005.00158.x},
  groups  = {Proposal-04},
}

@Article{EscobarLemmon2009,
  author  = {María C. Escobar-Lemmon and Michelle M. Taylor-Robinson},
  journal = {Political Research Quarterly},
  title   = {{Getting to the Top. Career Paths of Women in Latin American Cabinets}},
  year    = {2009},
  number  = {4},
  pages   = {685--699},
  volume  = {62},
  doi     = {10.1177%2F1065912908322414},
  groups  = {Proposal-04},
}

@Article{Alcantara1997,
  author  = {Manuel Alcántara and Iván Llamazares},
  journal = {América Latina Hoy},
  title   = {{El análisis de los diputados latinoamericanos en el contexto de los estudios sobre la clase política. Características, objetivos y estrategias de investigación}},
  year    = {1997},
  number  = {16},
  pages   = {15--28},
  groups  = {Proposal-09},
}

@Book{Schlesinger1966,
  author    = {Joseph A. Schlesinger},
  publisher = {Rand MacNally},
  title     = {{Ambition and Politics: Political Careers in the United States}},
  year      = {1966},
  address   = {Chicago},
  groups    = {Proposal-09},
}

@Book{EscobarLemmon2016,
  author    = {María C. Escobar-Lemmon and Michelle M. Taylor-Robinson},
  publisher = {Oxford University Press},
  title     = {{Women in Presidential Cabinets: Power Players or Abundant Tokens?}},
  year      = {2016},
  address   = {New York},
  groups    = {Proposal-09},
}

@Book{AiCamp1995,
  author    = {Ai Camp, Roderic},
  publisher = {University of Texas Press},
  title     = {{Political Recruitment across Two Centuries: Mexico, 1884-1991}},
  year      = {1995},
  address   = {Austin},
  groups    = {Proposal-09},
}

@Book{AiCamp2002,
  author    = {Ai Camp, Roderic},
  publisher = {University of California Press},
  title     = {{Mexico’s Mandarins. Crafting a Power Elite for the Twenty-First Century}},
  year      = {2002},
  address   = {Berkeley},
  groups    = {Proposal-09},
}

@Article{French2011,
  author    = {Richard D. French},
  journal   = {Representation},
  title     = {{Political Capital}},
  year      = {2011},
  month     = {jul},
  number    = {2},
  pages     = {215--230},
  volume    = {47},
  doi       = {10.1080/00344893.2011.581086},
  groups    = {Proposal-09},
  publisher = {Informa {UK} Limited},
}

@Article{Beckman2020,
  author    = {Tristin Beckman and Petra Schleiter},
  journal   = {The Journal of Politics},
  title     = {{Opportunistic Election Timing, a Complement or Substitute for Economic Manipulation?}},
  year      = {2020},
  month     = {jul},
  number    = {3},
  pages     = {1127--1141},
  volume    = {82},
  doi       = {10.1086/707794},
  groups    = {Proposal-17},
  publisher = {University of Chicago Press},
}

@Article{King1990,
  author    = {Gary King and James E. Alt and Nancy Elizabeth Burns and Michael Laver},
  journal   = {American Journal of Political Science},
  title     = {{A Unified Model of Cabinet Dissolution in Parliamentary Democracies}},
  year      = {1990},
  month     = {aug},
  number    = {3},
  pages     = {846--871},
  volume    = {34},
  doi       = {10.2307/2111401},
  groups    = {Proposal-05},
  publisher = {{JSTOR}},
}

@Article{Dewan2010,
  author  = {Torun Dewan and David P. Myatt},
  journal = {American Journal of Political Science},
  title   = {{The Declining Talent Pool of Government}},
  year    = {2010},
  number  = {2},
  pages   = {267--286},
  volume  = {54},
  doi     = {10.1111/j.1540-5907.2010.00430.x},
  groups  = {Proposal-16},
}

@Article{Hansen2004,
  author    = {Ben B. Hansen},
  journal   = {Journal of the American Statistical Association},
  title     = {{Full Matching in an Observational Study of Coaching for the SAT}},
  year      = {2004},
  month     = {sep},
  number    = {467},
  pages     = {609--618},
  volume    = {99},
  doi       = {10.1198/016214504000000647},
  groups    = {Proposal-17},
  publisher = {Informa {UK} Limited},
}

@Article{Olmos2015,
  author  = {Antonio Olmos and Priyalatha Govindasamy},
  journal = {Journal of MultiDisciplinary Evaluation},
  title   = {{Propensity Scores: A Practical Introduction Using R}},
  year    = {2015},
  number  = {25},
  pages   = {68--88},
  volume  = {11},
  groups  = {Proposal-17},
}

@Article{Austin2007,
  author    = {Peter C. Austin and Paul Grootendorst and Geoffrey M. Anderson},
  journal   = {Statistics in Medicine},
  title     = {{A comparison of the ability of different propensity score models to balance measured variables between treated and untreated subjects: A Monte Carlo study}},
  year      = {2007},
  number    = {4},
  pages     = {734--753},
  volume    = {26},
  doi       = {10.1002/sim.2580},
  groups    = {Proposal-17},
  publisher = {Wiley},
}

@Article{Harrell1996,
  author  = {Frank E. Harrell and Kerry Lamont Lee and Daniel B. Mar},
  journal = {Statistics in Medicine},
  title   = {{Multivariable prognostic models: issues in developing models, evaluating assumptions and adequacy, and measuring and reducing errors}},
  year    = {1996},
  number  = {4},
  pages   = {361--387},
  volume  = {15},
}

@Article{Adolph2020,
  author    = {Christopher Adolph and Kenya Amano and Bree Bang-Jensen and Nancy Fullman and John Wilkerson},
  journal   = {Journal of Health Politics, Policy and Law},
  title     = {{Pandemic Politics: Timing State-Level Social Distancing Responses to {COVID}-19}},
  year      = {2020},
  month     = {sep},
  pages     = {8802162},
  volume    = {16},
  doi       = {10.1215/03616878-8802162},
  publisher = {Duke University Press},
}

@Book{BoxSteffensmeier2004,
  author    = {Box-Steffensmeier, J. M. and Jones, B. S.},
  publisher = {Cambridge University Press},
  title     = {{Event History Modeling. A Guide for Social Scientists}},
  year      = {2004},
  address   = {New York},
  groups    = {Proposal-04},
}

@InCollection{Elgie2020,
  author    = {Robert Elgie},
  booktitle = {{The Oxford Handbook of Political Executives}},
  publisher = {Oxford University Press},
  title     = {{Presidents and Cabinets}},
  year      = {2020},
  address   = {Oxford},
  editor    = {Rudy B. Andeweg and Robert Elgie and Ludger Helms and Juliet Kaarbo and Ferdinand Müller-Rommel},
  groups    = {Proposal-17},
}

@Article{Altman2000,
  author    = {David Altman},
  journal   = {Party Politics},
  title     = {{The Politics of Coalition Formation and Survival in Multiparty Presidential Democracies}},
  year      = {2000},
  month     = {jul},
  number    = {3},
  pages     = {259--283},
  volume    = {6},
  doi       = {10.1177/1354068800006003001},
  groups    = {Proposal-09},
  publisher = {{SAGE} Publications},
}

@Article{Altman2008,
  author    = {David Altman and Rossana Castiglioni},
  journal   = {The Developing Economies},
  title     = {{Cabinet Determinants of Structural Reforms in Latin America, 1985-2000}},
  year      = {2008},
  month     = {jan},
  number    = {1},
  pages     = {1--25},
  volume    = {46},
  doi       = {10.1111/j.1746-1049.2007.00053.x},
  groups    = {Proposal-04},
  publisher = {Wiley},
}

@Article{AmorimNeto2006,
  author  = {Amorim Neto, Octavio},
  journal = {Comparative Political Studies},
  title   = {{The Presidential Calculus: Executive Policy Making and Cabinet Formation in the Americas}},
  year    = {2006},
  number  = {4},
  pages   = {415--440},
  volume  = {36},
  doi     = {10.1177%2F0010414005282381},
  groups  = {Proposal-04},
}

@Book{Silva2009,
  author    = {Patricio Silva},
  publisher = {Penn State University Press},
  title     = {{In the Name of Reason: Technocrats and Politics in Chile}},
  year      = {2009},
  address   = {University Park},
  groups    = {Proposal-09},
}

@Article{Carlin2019b,
  author    = {Ryan E. Carlin and Cecilia Martínez-Gallardo},
  journal   = {Revista Latinoamericana de Opinión Pública},
  title     = {{Outliers of Presidential Approval: Dynamics, Levels, and Rates}},
  year      = {2019},
  month     = {nov},
  number    = {2},
  pages     = {7--27},
  volume    = {8},
  doi       = {10.14201/rlop.22352},
  publisher = {Ediciones Universidad de Salamanca},
}

@Article{Ho2011,
  author    = {Daniel E. Ho and Kosuke Imai and Gary King and Elizabeth A. Stuart},
  journal   = {Journal of Statistical Software},
  title     = {{MatchIt: Nonparametric Preprocessing for Parametric Causal Inference}},
  year      = {2011},
  number    = {8},
  pages     = {1--28},
  volume    = {42},
  doi       = {10.18637/jss.v042.i08},
  publisher = {Foundation for Open Access Statistic},
}

@Article{Austin2011,
  author    = {Peter C. Austin},
  journal   = {Multivariate Behavioral Research},
  title     = {{An Introduction to Propensity Score Methods for Reducing the Effects of Confounding in Observational Studies}},
  year      = {2011},
  month     = {may},
  number    = {3},
  pages     = {399--424},
  volume    = {46},
  doi       = {10.1080/00273171.2011.568786},
  publisher = {Informa {UK} Limited},
}

@Article{Austin2015,
  author    = {Peter C. Austin and Elizabeth A. Stuart},
  journal   = {Statistics in Medicine},
  title     = {{Optimal full matching for survival outcomes: A method that merits more widespread use}},
  year      = {2015},
  month     = {aug},
  number    = {30},
  pages     = {3949--3967},
  volume    = {34},
  doi       = {10.1002/sim.6602},
  publisher = {Wiley},
}

@Article{GonzalezBustamante2020,
  author    = {Bastián González-Bustamante},
  journal   = {Bulletin of Latin American Research},
  title     = {{The Politics-Administration Dichotomy: A Case Study of the Chilean Executive during the Democratic Post-Transition}},
  year      = {2020},
  month     = {nov},
  number    = {5},
  pages     = {582--597},
  volume    = {39},
  doi       = {10.1111/blar.13044},
  publisher = {Wiley},
}

@Article{Panizza2019,
  author    = {Panizza, Francisco and Peters, B. Guy and Ramos Larraburu, Conrado Ricardo},
  journal   = {Public Administration},
  title     = {{Roles, trust and skills: A typology of patronage appointments}},
  year      = {2019},
  month     = {dec},
  number    = {1},
  pages     = {147--161},
  volume    = {97},
  doi       = {10.1111/padm.12560},
  publisher = {Wiley},
}

@Article{Panizza2018,
  author    = {Panizza, Francisco and Ramos Larraburu, Conrado Ricardo and Scherlis, Gerardo},
  journal   = {Journal of Politics in Latin America},
  title     = {{Unpacking Patronage: The Politics of Patronage Appointments in Argentina's and Uruguay's Central Public Administrations}},
  year      = {2018},
  month     = {dec},
  number    = {3},
  pages     = {59--98},
  volume    = {10},
  doi       = {10.1177/1866802x1801000303},
  publisher = {{SAGE} Publications},
}

@Article{Kopecky2016,
  author    = {Petr Kopecký and Jan-Hinrik Meyer-Sahling and Francisco Panizza and Gerardo Scherlis and Christian Schuster and Maria Spirova},
  journal   = {European Journal of Political Research},
  title     = {{Party patronage in contemporary democracies: Results from an expert survey in 22 countries from five regions}},
  year      = {2016},
  month     = {feb},
  number    = {2},
  pages     = {416--431},
  volume    = {55},
  doi       = {10.1111/1475-6765.12135},
  publisher = {Wiley},
}

@Article{Panizza2005,
  author  = {Francisco Panizza and George Philip},
  journal = {Journal of Latin American Studies},
  title   = {{Second Generation Reform in Latin America: Reforming the Public Sector in Uruguay and Mexico}},
  year    = {2005},
  number  = {4},
  pages   = {667--691},
  volume  = {37},
}

@Article{Staronova2021,
  author    = {Katarina Staronova and Marek Ryb{\'{a}}{\v{r}}},
  journal   = {Administration {\&} Society},
  title     = {{Personal or Party Roots of Civil Service Patronage? Ministerial Change Effects on the Appointments of Top Civil Servants}},
  year      = {2021},
  month     = {sep},
  number    = {5},
  pages     = {651--679},
  volume    = {53},
  doi       = {10.1177/0095399720956996},
  publisher = {{SAGE} Publications},
}

@Article{Bach2020,
  author    = {Tobias Bach and Gerhard Hammerschmid and Lorenz Löffler},
  journal   = {Public Policy and Administration},
  title     = {{More delegation, more political control? Politicization of senior-level appointments in 18 European countries}},
  year      = {2020},
  month     = {may},
  number    = {1},
  pages     = {3--23},
  volume    = {35},
  doi       = {10.1177/0952076718776356},
  publisher = {{SAGE} Publications},
}

@TechReport{GonzalezBustamante2022,
  author      = {Bastián González-Bustamante and Alejandro Olivares},
  institution = {University of Oxford, Universidad de Santiago de Chile (USACH), Universidad Católica de Temuco (UCT) and Training Data Lab},
  title       = {{Data Set on Chilean Ministers (1990-2014) (Version 3.3.6 -- Dry Bonus)}},
  year        = {2022},
  note        = {DOI: 10.5281/zenodo.5744536},
  type        = {{Dataset}},
  copyright   = {Creative Commons Attribution 4.0 International},
  doi         = {10.5281/ZENODO.5744536},
  keywords    = {government, political-science, survival-analysis, kaplan-meier, Chile, cabinets, ministers},
  language    = {en},
  publisher   = {GitHub/Zenodo},
}

@InCollection{Schneider1998,
  author    = {Ben Ross Schneider},
  booktitle = {The Politics of Expertise in Latin America},
  publisher = {Palgrave Macmillan},
  title     = {{The Material Bases of Technocracy: Investor Confidence and Neoliberalism in Latin America}},
  year      = {1998},
  address   = {London},
  editor    = {Miguel Angel Centeno and Patricio Silva},
  comment   = {pp. 77--95},
  doi       = {10.1007/978-1-349-26185-7_5},
}

@Article{Silva2006,
  author    = {Patricio Silva},
  journal   = {Revista de Ciencia Política},
  title     = {{Los tecnócratas y la política en Chile: Pasado y presente}},
  year      = {2006},
  number    = {2},
  pages     = {175--190},
  volume    = {26},
  doi       = {10.4067/s0718-090x2006000200010},
  publisher = {{SciELO} Comision Nacional de Investigacion Cientifica Y Tecnologica ({CONICYT})},
}

@Article{Camerlo2015b,
  author    = {Marcelo Camerlo and Aníbal Pérez-Liñán},
  journal   = {Comparative Politics},
  title     = {{The Politics of Minister Retention in Presidential Systems: Technocrats, Partisans, and Government Approval}},
  year      = {2015},
  month     = {apr},
  number    = {3},
  pages     = {315--333},
  volume    = {47},
  doi       = {10.5129/001041515814709310},
  publisher = {Comparative Politics {CUNY}},
}

@Article{Martinez2021,
  author    = {Christopher A. Martínez},
  journal   = {Government and Opposition},
  title     = {{Presidential Instability in Latin America: Why Institutionalized Parties Matter}},
  year      = {2021},
  month     = {jul},
  number    = {4},
  pages     = {683--704},
  volume    = {56},
  doi       = {10.1017/gov.2020.18},
  publisher = {Cambridge University Press ({CUP})},
}

@Article{MartinezGallardo2015,
  author    = {Cecilia Martínez-Gallardo and Petra Schleiter},
  journal   = {Comparative Political Studies},
  title     = {{Choosing Whom to Trust: Agency Risks and Cabinet Partisanship in Presidential Democracies}},
  year      = {2015},
  month     = {sep},
  number    = {2},
  pages     = {231--264},
  volume    = {48},
  doi       = {10.1177/0010414014544361},
  publisher = {{SAGE} Publications},
}

@Article{Kam2005,
  author    = {Christopher Kam and Indri{\dh}i H. Indri{\dh}ason},
  journal   = {Legislative Studies Quarterly},
  title     = {{The Timing of Cabinet Reshuffles in Five Westminster Parliamentary Systems}},
  year      = {2005},
  month     = {aug},
  number    = {3},
  pages     = {327--363},
  volume    = {30},
  doi       = {10.3162/036298005x201581},
  publisher = {Wiley},
}

@Comment{jabref-meta: databaseType:bibtex;}
